<record><leader>00000cas a22000007a 4500</leader><controlfield tag="001">13591478</controlfield><controlfield tag="008">860520d19401941mtuwr ne      0    0eng d</controlfield><datafield ind1=" " ind2=" " tag="010"><subfield code="a">sn 86075174 </subfield></datafield><datafield ind1=" " ind2=" " tag="040"><subfield code="a">MTL</subfield><subfield code="b">eng</subfield><subfield code="c">MTL</subfield><subfield code="d">OCLCQ</subfield></datafield><datafield ind1=" " ind2=" " tag="042"><subfield code="a">msc</subfield></datafield><datafield ind1="0" ind2="4" tag="245"><subfield code="a">The Gardiner-gateway gazette.</subfield></datafield><datafield ind1=" " ind2=" " tag="260"><subfield code="a">Gardiner, Mont. :</subfield><subfield code="b">D. Schultz</subfield></datafield><datafield ind1=" " ind2=" " tag="300"><subfield code="a">v. :</subfield><subfield code="b">ill. ;</subfield><subfield code="c">56 cm.</subfield></datafield><datafield ind1=" " ind2=" " tag="310"><subfield code="a">Weekly</subfield></datafield><datafield ind1=" " ind2=" " tag="500"><subfield code="a">"Circulated in the communities of Gardiner, Mammoth, Jardine, Corwin Springs, Tom Miner Basin, Emigrant, Silver City and Cooke City."</subfield></datafield><datafield ind1=" " ind2=" " tag="500"><subfield code="a">Vol. 1, no. 1-5 were distribute free Cf. Vol. 1, no. 6 (May 30, 1940).</subfield></datafield><datafield ind1=" " ind2=" " tag="588"><subfield code="a">Description based on: Vol. 1, no. 6 (May 30, 1940).</subfield></datafield><datafield ind1=" " ind2=" " tag="752"><subfield code="a">United States</subfield><subfield code="b">Montana</subfield><subfield code="c">Park</subfield><subfield code="d">Gardiner.</subfield></datafield><datafield ind1="1" ind2=" " tag="029"><subfield code="a">AU@</subfield><subfield code="b">000025802532</subfield></datafield></record>